<?xml version="1.0" encoding="UTF-8"?><collection xmlns="http://www.loc.gov/MARC21/slim"><record><leader>00356nam--2200121-i-4500</leader><controlfield tag="001">000032845</controlfield><controlfield tag="002">20161230</controlfield><controlfield tag="005">20161230201039</controlfield><controlfield tag="008">060222s1000------------r-----000-0-eng-d</controlfield><datafield ind1=" " ind2=" " tag="100"><subfield code="a">Marguin, Paulette</subfield></datafield><datafield ind1=" " ind2=" " tag="245"><subfield code="a">Recherches sur l`effet auger dans  les couches k et l des elements moyens. theses</subfield></datafield><datafield ind1=" " ind2=" " tag="260"><subfield code="a">Lyon, Faculte Des Sciences, 1959, 83p</subfield></datafield><datafield ind1=" " ind2=" " tag="852"><subfield code="a">6427</subfield></datafield></record></collection>